<record><leader>00000cas a22000007a 4500</leader><controlfield tag="001">25902215</controlfield><controlfield tag="008">920528d18911925wyuwr ne      0    0eng d</controlfield><datafield ind1=" " ind2=" " tag="010"><subfield code="a">sn 92067054 </subfield></datafield><datafield ind1=" " ind2=" " tag="040"><subfield code="a">NVO</subfield><subfield code="b">eng</subfield><subfield code="c">NVO</subfield><subfield code="d">OCLCQ</subfield></datafield><datafield ind1=" " ind2=" " tag="042"><subfield code="a">msc</subfield></datafield><datafield ind1="0" ind2="4" tag="245"><subfield code="a">The Gillette news.</subfield></datafield><datafield ind1=" " ind2=" " tag="260"><subfield code="a">Gillette, Crook County, Wyo. :</subfield><subfield code="b">J.S. Taylor</subfield></datafield><datafield ind1=" " ind2=" " tag="300"><subfield code="a">v.</subfield></datafield><datafield ind1=" " ind2=" " tag="310"><subfield code="a">Weekly</subfield></datafield><datafield ind1="1" ind2=" " tag="362"><subfield code="a">Began in 1891.</subfield></datafield><datafield ind1="0" ind2=" " tag="362"><subfield code="a">-v. 20, no. 25 (Apr. 23, 1925).</subfield></datafield><datafield ind1=" " ind2=" " tag="515"><subfield code="a">Numbering is irregular: Oct. 1918-July 1920.</subfield></datafield><datafield ind1=" " ind2=" " tag="515"><subfield code="a">Suspended: &lt;1892&gt;-Sept. 1904.</subfield></datafield><datafield ind1=" " ind2=" " tag="588"><subfield code="a">Description based on: Vol. 1, no. 25 (Jan. 14, 1892).</subfield></datafield><datafield ind1=" " ind2="4" tag="651"><subfield code="a">Gillette (Wyo.)</subfield><subfield code="v">Newspapers.</subfield></datafield><datafield ind1=" " ind2="4" tag="651"><subfield code="a">Campbell County (Wyo.)</subfield><subfield code="v">Newspapers.</subfield></datafield><datafield ind1=" " ind2="4" tag="651"><subfield code="a">Crook County (Wyo.)</subfield><subfield code="v">Newspapers.</subfield></datafield><datafield ind1=" " ind2=" " tag="752"><subfield code="a">United States</subfield><subfield code="b">Wyoming</subfield><subfield code="c">Campbell</subfield><subfield code="d">Gillette.</subfield></datafield><datafield ind1="0" ind2="7" tag="785"><subfield code="t">Campbell County record (Gillette, Wyo.)</subfield><subfield code="w">(DLC)sn 92067052</subfield></datafield><datafield ind1="0" ind2="7" tag="785"><subfield code="t">News-record (Gillette, Wyo.)</subfield><subfield code="w">(DLC)sn 83002308</subfield></datafield></record>